@misc{CLIP,
	author = {Radford, Alec and Kim, Jong Wook and Hallacy, Chris and Ramesh, Aditya and Goh, Gabriel and Agarwal, Sandhini and Sastry, Girish and Askell, Amanda and Mishkin, Pamela and Clark, Jack and Krueger, Gretchen and Sutskever, Ilya},
	copyright = {arXiv.org perpetual, non-exclusive license},
	doi = {10.48550/ARXIV.2103.00020},
	keywords = {Computer Vision and Pattern Recognition (cs.CV), Machine Learning (cs.LG), FOS: Computer and information sciences, FOS: Computer and information sciences},
	publisher = {arXiv},
	title = {Learning Transferable Visual Models From Natural Language Supervision},
	url = {https://arxiv.org/abs/2103.00020},
	year = {2021},
	bdsk-url-1 = {https://arxiv.org/abs/2103.00020},
	bdsk-url-2 = {https://doi.org/10.48550/ARXIV.2103.00020}}
@misc{ViLD,
  doi = {10.48550/ARXIV.2104.13921},
  
  url = {https://arxiv.org/abs/2104.13921},
  
  author = {Gu, Xiuye and Lin, Tsung-Yi and Kuo, Weicheng and Cui, Yin},
  
  keywords = {Computer Vision and Pattern Recognition (cs.CV), Artificial Intelligence (cs.AI), Machine Learning (cs.LG), FOS: Computer and information sciences, FOS: Computer and information sciences},
  
  title = {Open-vocabulary Object Detection via Vision and Language Knowledge Distillation},
  
  publisher = {arXiv},
  
  year = {2021},
  
  copyright = {arXiv.org perpetual, non-exclusive license}
}


@misc{COCO,
  doi = {10.48550/ARXIV.1405.0312},
  
  url = {https://arxiv.org/abs/1405.0312},
  
  author = {Lin, Tsung-Yi and Maire, Michael and Belongie, Serge and Bourdev, Lubomir and Girshick, Ross and Hays, James and Perona, Pietro and Ramanan, Deva and Zitnick, C. Lawrence and Dollár, Piotr},
  
  keywords = {Computer Vision and Pattern Recognition (cs.CV), FOS: Computer and information sciences, FOS: Computer and information sciences},
  
  title = {Microsoft COCO: Common Objects in Context},
  
  publisher = {arXiv},
  
  year = {2014},
  
  copyright = {arXiv.org perpetual, non-exclusive license}
}

@misc{LVIS,
  doi = {10.48550/ARXIV.1908.03195},
  
  url = {https://arxiv.org/abs/1908.03195},
  
  author = {Gupta, Agrim and Dollár, Piotr and Girshick, Ross},
  
  keywords = {Computer Vision and Pattern Recognition (cs.CV), FOS: Computer and information sciences, FOS: Computer and information sciences},
  
  title = {LVIS: A Dataset for Large Vocabulary Instance Segmentation},
  
  publisher = {arXiv},
  
  year = {2019},
  
  copyright = {arXiv.org perpetual, non-exclusive license}
}

@INPROCEEDINGS{Objects365,
  author={Shao, Shuai and Li, Zeming and Zhang, Tianyuan and Peng, Chao and Yu, Gang and Zhang, Xiangyu and Li, Jing and Sun, Jian},
  booktitle={2019 IEEE/CVF International Conference on Computer Vision (ICCV)}, 
  title={Objects365: A Large-Scale, High-Quality Dataset for Object Detection}, 
  year={2019},
  volume={},
  number={},
  pages={8429-8438},
  doi={10.1109/ICCV.2019.00852}}
  
@inproceedings{redmon2016you,
  title={You only look once: Unified, real-time object detection},
  author={Redmon, Joseph and Divvala, Santosh and Girshick, Ross and Farhadi, Ali},
  booktitle={Proceedings of the IEEE conference on computer vision and pattern recognition},
  pages={779--788},
  year={2016}
}
@inproceedings{neubeck2006efficient,
  title={Efficient non-maximum suppression},
  author={Neubeck, Alexander and Van Gool, Luc},
  booktitle={18th International Conference on Pattern Recognition (ICPR'06)},
  volume={3},
  pages={850--855},
  year={2006},
  organization={IEEE}
}